@book{coincidence.friedman,
  title={The index of coincidence and its applications in cryptography},
  author={Friedman, William Frederick},
  year={1922},
  publisher={Riverbank Laboratories}
}

@article{dalkilic2000interactive,
  title={{An interactive cryptanalysis algorithm for the Vigenere Cipher}},
  author={Dalkilic, Mehmet and Gungor, Cengiz},
  journal={Advances in Information Systems},
  pages={341--351},
  year={2000},
  publisher={Springer}
}

@misc{wiki:kasiski.examination,
    author = "Wikipedia",
    title = "Kasiski examination --- Wikipedia{,} The Free Encyclopedia",
    year = "2016",
    url = "\url{https://en.wikipedia.org/w/index.php?title=Kasiski_examination&oldid=719522595}",
    note = "[Online; accessed
14-September-2017
]"
  }

@misc{ wiki:vigenere,
    author = "Wikipedia",
    title = "Vigen√®re cipher --- Wikipedia{,} The Free Encyclopedia",
    year = "2017",
    url = "\url{https://en.wikipedia.org/w/index.php?title=Vigen%C3%A8re_cipher&oldid=791781158}",
    note = "[Online; accessed
14-September-2017
]"
  }

@misc{ wiki:polyalphabetic,
    author = "Wikipedia",
    title = "Polyalphabetic cipher --- Wikipedia{,} The Free Encyclopedia",
    year = "2017",
    url = "\url{https://en.wikipedia.org/w/index.php?title=Polyalphabetic_cipher&oldid=799036172}",
    note = "[Online; accessed
14-September-2017
]"
  }

@book{stallings2006cryptography,
  title={Cryptography and network security: principles and practices},
  author={Stallings, William},
  year={2006},
  publisher={Pearson Education India}
}

@misc{wiki:coincidence,
    author = "Wikipedia",
    title = "Index of coincidence --- Wikipedia{,} The Free Encyclopedia",
    year = "2017",
    url = "\url{https://en.wikipedia.org/w/index.php?title=Index_of_coincidence&oldid=789451510}",
    note = "[Online; accessed 
15-September-2017
]"
  }

@misc{ wiki:mitm,
     author = "Wikibooks",
        title = "Cryptography/Meet In The Middle Attack --- Wikibooks{,} The
          Free Textbook Project",
           year = "2017",
              url =
                "\url{https://en.wikibooks.org/w/index.php?title=Cryptography/Meet_In_The_Middle_Attack&oldid=3244557}",
              note = "[Online; accessed
                15-September-2017
                ]"
                 }

@misc{ wiki:mitm2,
    author = "Wikipedia",
    title = "Meet-in-the-middle attack --- Wikipedia{,} The Free Encyclopedia",
    year = "2017",
    url = "\url{https://en.wikipedia.org/w/index.php?title=Meet-in-the-middle_attack&oldid=795167518}",
    note = "[Online; accessed 
15-September-2017
]"
  }
