@article{bbs,
  title={A simple unpredictable pseudo-random number generator},
  author={Blum, Lenore and Blum, Manuel and Shub, Mike},
  journal={SIAM Journal on computing},
  volume={15},
  number={2},
  pages={364--383},
  year={1986},
  publisher={SIAM}
}

@book{schneier2017applied,
  title={{Applied Cryptography: Protocols, Algorithms and Source Code in C}},
  author={Schneier, Bruce},
  year={2017},
  publisher={John Wiley \& Sons}
}

@misc{wiki:gmp,
    author = "Wikipedia",
    title = {{GNU Multiple Precision Arithmetic Library --- Wikipedia{,} The Free Encyclopedia}},
    year = "2017",
    url = "\url{https://en.wikipedia.org/w/index.php?title=GNU_Multiple_Precision_Arithmetic_Library&oldid=802901989}",
    note = "[Online; accessed 7-October-2017]"
}

@article{miller.rabin,
  title={Probabilistic algorithm for testing primality},
  author={Rabin, Michael O},
  journal={Journal of number theory},
  volume={12},
  number={1},
  pages={128--138},
  year={1980},
  publisher={Elsevier}
}

@article{damgaard1993average,
  title={Average case error estimates for the strong probable prime test},
  author={Damg{\aa}rd, Ivan and Landrock, Peter and Pomerance, Carl},
  journal={Mathematics of Computation},
  volume={61},
  number={203},
  pages={177--194},
  year={1993}
}

@misc{wiki:prime.counting,
    author = "Wikipedia",
    title = "Prime-counting function --- Wikipedia{,} The Free Encyclopedia",
    year = "2017",
    url = "\url{https://en.wikipedia.org/w/index.php?title=Prime-counting_function&oldid=799693375}",
    note = "[Online; accessed 7-October-2017]"
}

@article{rfc3526,
  title={{RFC3526: More modular exponential (modp) diffie-hellman groups for internet key exchange (IKE)}},
  author={Kivinen, Tero},
  year={2003}
}

@inproceedings{dh.params,
  title={{Imperfect forward secrecy: How Diffie-Hellman fails in practice}},
  author={Adrian, David and Bhargavan, Karthikeyan and Durumeric, Zakir and Gaudry, Pierrick and Green, Matthew and Halderman, J Alex and Heninger, Nadia and Springall, Drew and Thom{\'e}, Emmanuel and Valenta, Luke and others},
  booktitle={{Proceedings of the 22nd ACM SIGSAC Conference on Computer and Communications Security}},
  pages={5--17},
  year={2015},
  organization={ACM}
}

@book{sdes,
  title={Cryptography and network security: principles and practices},
  author={Stallings, William},
  year={2006},
  publisher={Pearson Education India}
}

@article{dh,
  title={New directions in cryptography},
  author={Diffie, Whitfield and Hellman, Martin},
  journal={IEEE transactions on Information Theory},
  volume={22},
  number={6},
  pages={644--654},
  year={1976},
  publisher={IEEE}
}
