@book{coincidence.friedman,
  title={The index of coincidence and its applications in cryptography},
  author={Friedman, William Frederick},
  year={1922},
  publisher={Riverbank Laboratories}
}

@article{dalkilic2000interactive,
  title={{An interactive cryptanalysis algorithm for the Vigenere Cipher}},
  author={Dalkilic, Mehmet and Gungor, Cengiz},
  journal={Advances in Information Systems},
  pages={341--351},
  year={2000},
  publisher={Springer}
}

@misc{wiki:kasiski.examination,
    author = "Wikipedia",
    title = "Kasiski examination --- Wikipedia{,} The Free Encyclopedia",
    year = "2016",
    url = "\url{https://en.wikipedia.org/w/index.php?title=Kasiski_examination&oldid=719522595}",
    note = "[Online; accessed
14-September-2017
]"
  }

@misc{ wiki:vigenere,
    author = "Wikipedia",
    title = "Vigen√®re cipher --- Wikipedia{,} The Free Encyclopedia",
    year = "2017",
    url = "\url{https://en.wikipedia.org/w/index.php?title=Vigen%C3%A8re_cipher&oldid=791781158}",
    note = "[Online; accessed
14-September-2017
]"
  }

@misc{ wiki:polyalphabetic,
    author = "Wikipedia",
    title = "Polyalphabetic cipher --- Wikipedia{,} The Free Encyclopedia",
    year = "2017",
    url = "\url{https://en.wikipedia.org/w/index.php?title=Polyalphabetic_cipher&oldid=799036172}",
    note = "[Online; accessed
14-September-2017
]"
  }
